<record><leader>00000cas a2200000 a 4500</leader><controlfield tag="001">34198049</controlfield><controlfield tag="008">960215d19uu1925fludn ne      0    0eng c</controlfield><datafield ind1=" " ind2=" " tag="010"><subfield code="a">sn 96027150 </subfield></datafield><datafield ind1=" " ind2=" " tag="040"><subfield code="a">FUG</subfield><subfield code="b">eng</subfield><subfield code="c">FUG</subfield><subfield code="d">OCLCQ</subfield><subfield code="d">OCLCF</subfield><subfield code="d">OCLCO</subfield></datafield><datafield ind1=" " ind2=" " tag="012"><subfield code="i">9602</subfield></datafield><datafield ind1=" " ind2=" " tag="042"><subfield code="a">pcc</subfield></datafield><datafield ind1=" " ind2=" " tag="043"><subfield code="a">n-us-fl</subfield></datafield><datafield ind1="0" ind2="0" tag="245"><subfield code="a">Daytona morning journal.</subfield></datafield><datafield ind1=" " ind2=" " tag="260"><subfield code="a">Daytona, Fla. :</subfield><subfield code="b">Journal Print. Co.,</subfield><subfield code="c">-1925.</subfield></datafield><datafield ind1=" " ind2=" " tag="300"><subfield code="a">v.</subfield></datafield><datafield ind1=" " ind2=" " tag="310"><subfield code="a">Daily (except Monday)</subfield></datafield><datafield ind1="0" ind2=" " tag="362"><subfield code="a">-v. 11, no. 238 (Aug. 4, 1925).</subfield></datafield><datafield ind1=" " ind2=" " tag="588"><subfield code="a">Description based on: Vol. 10, no. 53 (Jan. 1, 1924).</subfield></datafield><datafield ind1=" " ind2="0" tag="651"><subfield code="a">Daytona (Fla.)</subfield><subfield code="v">Newspapers.</subfield></datafield><datafield ind1=" " ind2="0" tag="651"><subfield code="a">Volusia County (Fla.)</subfield><subfield code="v">Newspapers.</subfield></datafield><datafield ind1=" " ind2="7" tag="655"><subfield code="a">Newspapers.</subfield><subfield code="2">fast</subfield><subfield code="0">(OCoLC)fst01423814</subfield></datafield><datafield ind1=" " ind2="7" tag="651"><subfield code="a">Florida</subfield><subfield code="z">Daytona.</subfield><subfield code="2">fast</subfield><subfield code="0">(OCoLC)fst01272894</subfield></datafield><datafield ind1=" " ind2="7" tag="651"><subfield code="a">Florida</subfield><subfield code="z">Volusia County.</subfield><subfield code="2">fast</subfield><subfield code="0">(OCoLC)fst01204998</subfield></datafield><datafield ind1=" " ind2=" " tag="752"><subfield code="a">United States</subfield><subfield code="b">Florida</subfield><subfield code="c">Volusia</subfield><subfield code="d">Daytona.</subfield></datafield><datafield ind1="0" ind2="0" tag="780"><subfield code="t">Halifax journal (Daytona, Fla.)</subfield><subfield code="w">(DLC)sn 95047392</subfield><subfield code="w">(OCoLC)33896743</subfield></datafield><datafield ind1="0" ind2="0" tag="785"><subfield code="t">Daytona Beach journal</subfield><subfield code="w">(DLC)sn 96027151</subfield><subfield code="w">(OCoLC)34198050</subfield></datafield><datafield ind1=" " ind2=" " tag="850"><subfield code="a">FU</subfield></datafield></record>